<record><leader>00000cas a2200000 a 4500</leader><controlfield tag="001">11530036</controlfield><controlfield tag="008">841228d19061913ksuwr ne      0   a0eng d</controlfield><datafield ind1=" " ind2=" " tag="010"><subfield code="a">sn 84030416 </subfield></datafield><datafield ind1=" " ind2=" " tag="040"><subfield code="a">KSH</subfield><subfield code="b">eng</subfield><subfield code="c">KSH</subfield><subfield code="d">NPT</subfield><subfield code="d">OCL</subfield><subfield code="d">OCLCQ</subfield></datafield><datafield ind1=" " ind2=" " tag="042"><subfield code="a">msc</subfield></datafield><datafield ind1="0" ind2="4" tag="245"><subfield code="a">The Waldron argus.</subfield></datafield><datafield ind1=" " ind2=" " tag="260"><subfield code="a">Waldron, Kan. :</subfield><subfield code="b">Chas. W. Norton,</subfield><subfield code="c">-1913.</subfield></datafield><datafield ind1=" " ind2=" " tag="300"><subfield code="a">v. :</subfield><subfield code="b">ill. ;</subfield><subfield code="c">50 cm.</subfield></datafield><datafield ind1=" " ind2=" " tag="310"><subfield code="a">Weekly</subfield></datafield><datafield ind1="0" ind2=" " tag="362"><subfield code="a">-v. 7, no. 42 (Feb. 6, 1913).</subfield></datafield><datafield ind1="1" ind2=" " tag="362"><subfield code="a">Began in 1906.</subfield><subfield code="z">Cf. Ayer, 1908.</subfield></datafield><datafield ind1=" " ind2=" " tag="500"><subfield code="a">Published by: M.C. Ellinger, Nov. 19, 1908-Mar. 30, 1911; Mr. &amp; Mrs. M.C. Ellinger, Apr. 6-Aug. 24, 1911; M.C. Ellinger, Aug. 31, 1911-Feb. 6, 1913.</subfield></datafield><datafield ind1=" " ind2=" " tag="588"><subfield code="a">Description based on: Vol. 1, no. 35 (Jan. 3, 1907).</subfield></datafield><datafield ind1=" " ind2=" " tag="752"><subfield code="a">United States</subfield><subfield code="b">Kansas</subfield><subfield code="c">Harper</subfield><subfield code="d">Waldron.</subfield></datafield><datafield ind1="1" ind2=" " tag="029"><subfield code="a">AU@</subfield><subfield code="b">000020350858</subfield></datafield></record>